@article{link1,
	author={iforce2d},
	journal={www.iforce2d.net},
	title={BOX2D TUTORIALS}
}
@article{link2,
	author={iforce2d},
	journal={www.youtube.com},
	title={BOX2D mountain-bike}
}
@article{link3,
	author={Community site},
	journal={www.box2d.org},
	title={DISCUSSION} 
}
